%% Saved with string encoding Unicode (UTF-8) 

% FJS you can shorten your journals and expand later
%@string{GJI = {Geophys.~J.~Int.}}

@article{Grin2004,
author={F. Grin and B. Korth},
title={On the reciprocal influence of language politics and language education: The case of English in Switzerland},
journal={Language Policy},
year=2005,
volume=4,
issue=1,
pages={67-85}}

@article{Berthele2016,
author={R. Berthele},
title={Demography vs. Legitimacy: Current issues in Swiss Language policy},
journal={Cahiers de l'ILSL},
year=2016,
volume=48,
pages={27-51}}

@book{Braun2014,
author={A. Braun and T. Cline},
title={Language Strategies for Trilingual Families: Parents' Perspectives},
publisher={Multilingual Matters},
year=2014}

@misc{Lew2014,
author={J. Lew},
title={9 of the world's most multilingual countries},
journal={mother Nature Network},
year=2014,
howpublished={\url{http://www.mnn.com/lifestyle/arts-culture/stories/9-of-the-worlds-most-multilingual-countries}}}
